<?xml version="1.0" encoding="UTF-8" ?>
<collection xmlns:xsi="http://www.w3.org/2001/XMLSchema-instance"
    xsi:schemaLocation="http://www.loc.gov/MARC21/slim
        http://www.loc.gov/standards/marcxml/schema/MARC21slim.xsd"
    xmlns="http://www.loc.gov/MARC21/slim">
<record>
  <leader>00222cam a2200409 i 4500</leader>
  <controlfield tag="001">b12563547</controlfield>
  <controlfield tag="003">LeBAU</controlfield>
  <controlfield tag="005">20140623</controlfield>
  <controlfield tag="008">970807s1928    le            ||0 0 ara d</controlfield>
  <datafield tag="035" ind1=" " ind2=" ">
    <subfield code="a">ocn784407396</subfield>
  </datafield>
  <datafield tag="040" ind1=" " ind2=" ">
    <subfield code="a">LEAUB</subfield>
    <subfield code="b">ara</subfield>
    <subfield code="e">rda</subfield>
    <subfield code="c">LEAUB</subfield>
    <subfield code="d">LEAUB</subfield>
  </datafield>
  <datafield tag="082" ind1="0" ind2="4">
    <subfield code="a">892.72</subfield>
    <subfield code="2">23</subfield>
  </datafield>
  <datafield tag="100" ind1="1" ind2=" ">
    <subfield code="6">880-01</subfield>
    <subfield code="a">Abū Hanā, Niqūlā,</subfield>
    <subfield code="e">author.</subfield>
  </datafield>
  <datafield tag="245" ind1="1" ind2="0">
    <subfield code="6">880-02</subfield>
    <subfield code="a">al-ʻAfw ʻinda al-maqdirah, aw, al-Maʼmūn wa-ʻammuhu Ibrāhīm ibn al-Mahdī :</subfield>
    <subfield code="b">riwāyah tārīkhīyah tamthīlīyah dhāt arbaʻat fuṣūl /</subfield>
    <subfield code="c">bi-qalam al-Khūrī Niqūlā Abī Hanā, al-Rāhib al-Mukhalliṣī mudarris al-lughah al-ʻArabīyah fī Madrasat Dayr al-Mukhalliṣ.</subfield>
  </datafield>
  <datafield tag="246" ind1="3" ind2="0">
    <subfield code="6">880-03</subfield>
    <subfield code="a">Maʼmūn wa-ʻammuhu Ibrāhīm ibn al-Mahdī</subfield>
  </datafield>
  <datafield tag="264" ind1=" " ind2="1">
    <subfield code="6">880-04</subfield>
    <subfield code="a">Sayḍā :</subfield>
    <subfield code="b">Maṭbaʻat Dayr al-Mukhalliṣ,</subfield>
    <subfield code="c">1928.</subfield>
  </datafield>
  <datafield tag="300" ind1=" " ind2=" ">
    <subfield code="6">880-05</subfield>
    <subfield code="a">120 pages ;</subfield>
    <subfield code="c">23 cm</subfield>
  </datafield>
  <datafield tag="336" ind1=" " ind2=" ">
    <subfield code="a">text</subfield>
    <subfield code="b">txt</subfield>
    <subfield code="2">rdacontent</subfield>
  </datafield>
  <datafield tag="337" ind1=" " ind2=" ">
    <subfield code="a">unmediated</subfield>
    <subfield code="b">n</subfield>
    <subfield code="2">rdamedia</subfield>
  </datafield>
  <datafield tag="338" ind1=" " ind2=" ">
    <subfield code="a">volume</subfield>
    <subfield code="b">nc</subfield>
    <subfield code="2">rdacarrier</subfield>
  </datafield>
  <datafield tag="500" ind1=" " ind2=" ">
    <subfield code="a">"مثلت أول مرة على مسرح مدرسة دير المخلص في ختام السنة المدرسية 1923."</subfield>
  </datafield>
  <datafield tag="655" ind1=" " ind2="4">
    <subfield code="a">مسرحيات.</subfield>
  </datafield>
  <datafield tag="655" ind1=" " ind2="0">
    <subfield code="a">Drama.</subfield>
  </datafield>
  <datafield tag="787" ind1="0" ind2="8">
    <subfield code="6">880-06</subfield>
    <subfield code="i">is contained in (work)</subfield>
    <subfield code="4">http://rdaregistry.info/Elements/w/P10019 :</subfield>
    <subfield code="a">Abū Hanā, Niqūlā.</subfield>
    <subfield code="t">ʻAfw ʻinda al-maqdirah wa-qiṣaṣ ukhrá.</subfield>
    <subfield code="d">Jūnyah, Lubnān : ManshūratJāmiʻat al-Rūḥ al-Quds - al-Kaslīk, 2014</subfield>
    <subfield code="w">(LEAUB)b18310369</subfield>
  </datafield>
  <datafield tag="852" ind1=" " ind2=" ">
    <subfield code="a">Jafet Library</subfield>
    <subfield code="e">American University of Beirut, Bliss Street , Beirut, Lebanon.</subfield>
  </datafield>
  <datafield tag="852" ind1=" " ind2=" ">
    <subfield code="a">Jafet Archives and Special Collections</subfield>
    <subfield code="e">American University of Beirut, Bliss Street, Beirut, Lebanon.</subfield>
  </datafield>
  <datafield tag="880" ind1="1" ind2=" ">
    <subfield code="6">100-01/(3/r</subfield>
    <subfield code="a">ابو هنا، نقولا،</subfield>
    <subfield code="e">مؤلف. </subfield>
    <subfield code="4">aut.</subfield>
  </datafield>
  <datafield tag="880" ind1="1" ind2="3">
    <subfield code="6">245-02/(3/r</subfield>
    <subfield code="a">العفو عند المقدرة، أو، المأمون وعمه إبراهيم بن المهدي :</subfield>
    <subfield code="b">رواية تاريخية تمثيلية ذات أربعة فصول /</subfield>
    <subfield code="c">بقلم الخوري نقولا أبي هنا، الراهب المخلصي مدرس اللغة العربية في مدرسة دير المخلص.</subfield>
  </datafield>
  <datafield tag="880" ind1="3" ind2="0">
    <subfield code="6">246-03/(3/r</subfield>
    <subfield code="a">المأمون وعمه إبراهيم بن المهدي</subfield>
  </datafield>
  <datafield tag="880" ind1=" " ind2="1">
    <subfield code="6">264-04/(3/r</subfield>
    <subfield code="a">صيدا :</subfield>
    <subfield code="b">مطبعة دير المخلص،</subfield>
    <subfield code="c">1928.</subfield>
  </datafield>
  <datafield tag="880" ind1=" " ind2=" ">
    <subfield code="6">300-05/(3/r</subfield>
    <subfield code="a">120 صفحة ؛</subfield>
    <subfield code="c">23 سم</subfield>
  </datafield>
  <datafield tag="880" ind1="0" ind2="8">
    <subfield code="6">787-06/(3/r</subfield>
    <subfield code="i">متضمن في (عمل) </subfield>
    <subfield code="4">http://rdaregistry.info/Elements/w/P10019 :</subfield>
    <subfield code="a">ابو هنا، نقولا.</subfield>
    <subfield code="t">العفو عند المقدرة ومسرحيات أخرى</subfield>
    <subfield code="d">جونيه، لبنان : منشورات جامعة الروح القدس - الكسليك،2014</subfield>
    <subfield code="w">(LEAUB)b18310369</subfield>
  </datafield>
  <datafield tag="907" ind1=" " ind2=" ">
    <subfield code="a">.b12563547</subfield>
    <subfield code="b">20-07-09</subfield>
    <subfield code="c">11-05-24</subfield>
  </datafield>
  <datafield tag="907" ind1=" " ind2=" ">
    <subfield code="a">.b12563547</subfield>
    <subfield code="b">11-10-11</subfield>
    <subfield code="c">11-05-24</subfield>
  </datafield>
  <datafield tag="945" ind1=" " ind2=" ">
    <subfield code="f">CA</subfield>
    <subfield code="a">892.72:A162afA</subfield>
    <subfield code="i">00505307</subfield>
    <subfield code="j">.i1994164x</subfield>
    <subfield code="l">u0304</subfield>
  </datafield>
  <datafield tag="945" ind1=" " ind2=" ">
    <subfield code="f">J</subfield>
    <subfield code="a">892.72:A162afA</subfield>
    <subfield code="i">01037280</subfield>
    <subfield code="j">.i13072778</subfield>
    <subfield code="l">u0503</subfield>
  </datafield>
  <datafield tag="998" ind1=" " ind2=" ">
    <subfield code="a">u03</subfield>
    <subfield code="a">u05</subfield>
    <subfield code="b">97-08-07</subfield>
    <subfield code="c">m</subfield>
    <subfield code="d">a  </subfield>
    <subfield code="e">-</subfield>
    <subfield code="f">ara</subfield>
    <subfield code="g">le </subfield>
    <subfield code="h">0</subfield>
    <subfield code="i">2</subfield>
  </datafield>
</record>
</collection>
